@article{bryson,
    author = "Bryson, Joanna Joy",
    title = "Intelligence by Design: Principles of Modularity and Coordination for Engineering Complex Adaptative Agents.",
    year = "2001"
}
